<?xml version="1.0" encoding="UTF-8"?>
<collection xmlns:xsi="http://www.w3.org/2001/XMLSchema-instance" xsi:schemaLocation="http://www.loc.gov/MARC21/slim http://www.loc.gov/standards/marcxml/schema/MARC21slim.xsd" xmlns="http://www.loc.gov/MARC21/slim">
<record>
  <leader>02277cam a2200361Ma 4500</leader>
  <controlfield tag="001">3063548</controlfield>
  <controlfield tag="003">NNC</controlfield>
  <controlfield tag="005">20160118123335.0</controlfield>
  <controlfield tag="008">950523s1922    ua       best 000 0 ara d</controlfield>
  <datafield tag="035" ind1=" " ind2=" ">
    <subfield code="9">ATN5356CU</subfield>
  </datafield>
  <datafield tag="035" ind1=" " ind2=" ">
    <subfield code="a">(OCoLC)ocn318940412</subfield>
  </datafield>
  <datafield tag="035" ind1=" " ind2=" ">
    <subfield code="a">(OCoLC)318940412</subfield>
  </datafield>
  <datafield tag="035" ind1=" " ind2=" ">
    <subfield code="a">(NNC)3063548</subfield>
  </datafield>
  <datafield tag="040" ind1=" " ind2=" ">
    <subfield code="a">MEAUC</subfield>
    <subfield code="b">eng</subfield>
    <subfield code="c">MEAUC</subfield>
    <subfield code="d">OCLCQ</subfield>
    <subfield code="d">OCLCO</subfield>
    <subfield code="d">OCLCQ</subfield>
    <subfield code="d">OCLCO</subfield>
    <subfield code="d">OCLCF</subfield>
    <subfield code="d">OCLCO</subfield>
  </datafield>
  <datafield tag="100" ind1="0" ind2=" ">
    <subfield code="6">880-01</subfield>
    <subfield code="a">Qābūs ibn Washmakīr,</subfield>
    <subfield code="d">-1012 or 1013.</subfield>
  </datafield>
  <datafield tag="245" ind1="1" ind2="0">
    <subfield code="6">880-02</subfield>
    <subfield code="a">Kamāl al-balāghah :</subfield>
    <subfield code="b">wa-huwa Rasāʼil Shams al-Maʻālī Qābūs ibn Washmakīr. Wa-fīhi rasāʼil Qābūs ilá Ibn al-ʻAmīd wa-ghayrihi wa- rasāʼiluhu ilá al-Ṣāḥib ibn ʻAbbād wa-ajwibat al-Ṣāḥib ibn ʻAbbād wa- rasāʼil Qābūs al-falsafīyah /</subfield>
    <subfield code="c">taʼlīf [i.e. taḥqīq] ʻAbd al-Raḥmān ibn ʻAlī al-Yazdādī.</subfield>
  </datafield>
  <datafield tag="260" ind1=" " ind2=" ">
    <subfield code="6">880-03</subfield>
    <subfield code="a">al-Qāhirah :</subfield>
    <subfield code="b">al-Maṭbaʻah al-Salafīyah,</subfield>
    <subfield code="c">1341 [1922]</subfield>
  </datafield>
  <datafield tag="300" ind1=" " ind2=" ">
    <subfield code="a">112 pages ;</subfield>
    <subfield code="c">24 cm</subfield>
  </datafield>
  <datafield tag="336" ind1=" " ind2=" ">
    <subfield code="a">text</subfield>
    <subfield code="b">txt</subfield>
    <subfield code="2">rdacontent</subfield>
  </datafield>
  <datafield tag="337" ind1=" " ind2=" ">
    <subfield code="a">unmediated</subfield>
    <subfield code="b">n</subfield>
    <subfield code="2">rdamedia</subfield>
  </datafield>
  <datafield tag="338" ind1=" " ind2=" ">
    <subfield code="a">volume</subfield>
    <subfield code="b">nc</subfield>
    <subfield code="2">rdacarrier</subfield>
  </datafield>
  <datafield tag="504" ind1=" " ind2=" ">
    <subfield code="a">Includes bibliographical references.</subfield>
  </datafield>
  <datafield tag="650" ind1=" " ind2="0">
    <subfield code="a">Arabic language</subfield>
    <subfield code="x">Rhetoric.</subfield>
  </datafield>
  <datafield tag="650" ind1=" " ind2="7">
    <subfield code="a">Arabic language</subfield>
    <subfield code="x">Rhetoric.</subfield>
    <subfield code="2">fast</subfield>
    <subfield code="0">(OCoLC)fst00812415</subfield>
  </datafield>
  <datafield tag="700" ind1="1" ind2=" ">
    <subfield code="6">880-04</subfield>
    <subfield code="a">Yazdādī, ʻAbd al-Raḥmān ibn ʻAlī.</subfield>
  </datafield>
  <datafield tag="740" ind1="0" ind2=" ">
    <subfield code="6">880-05</subfield>
    <subfield code="a">Rasāʼil Shams al-Maʻālī Qābūs ibn Washmakīr.</subfield>
  </datafield>
  <datafield tag="776" ind1="0" ind2="8">
    <subfield code="i">Online version:</subfield>
    <subfield code="a">Qābūs ibn Washmakīr, -1012 or 13.</subfield>
    <subfield code="t">Kamāl al-balāghah.</subfield>
    <subfield code="d">al-Qāhirah : al-Maṭbaʻah al-Salafīyah, 1341 [1922]</subfield>
    <subfield code="w">(OCoLC)780200213</subfield>
  </datafield>
  <datafield tag="880" ind1="0" ind2=" ">
    <subfield code="6">100-01/r</subfield>
    <subfield code="a">قابوس بن وشمكير،,</subfield>
    <subfield code="d">-1012 or 1013.</subfield>
  </datafield>
  <datafield tag="880" ind1="1" ind2="0">
    <subfield code="6">245-02/r</subfield>
    <subfield code="a">كمال البلاغة :</subfield>
    <subfield code="b">وهو رسائل شمس المعالي قابوس بن وشمكير. وفيه رسائل قابوس إلى العميد وغيره ورسائل إلى الصاحب بن عباد وأجوبة الصاحب بن عباد ورسائل قابوس الفلسفية /</subfield>
    <subfield code="c">تأليف تحقيق عبد الرحمن بن علي اليزدادي.</subfield>
  </datafield>
  <datafield tag="880" ind1=" " ind2=" ">
    <subfield code="6">260-03/r</subfield>
    <subfield code="a">القاهرة :</subfield>
    <subfield code="b">المطبعة السلفية،</subfield>
    <subfield code="c">[1922] 1341.</subfield>
  </datafield>
  <datafield tag="880" ind1="1" ind2=" ">
    <subfield code="6">700-04/r</subfield>
    <subfield code="a">يزدادي، عبد الرحمن بن علي.</subfield>
  </datafield>
  <datafield tag="880" ind1="0" ind2=" ">
    <subfield code="6">740-05/r</subfield>
    <subfield code="a">رسائل شمس المعالي قابوس بن وشمكير.</subfield>
  </datafield>
  <datafield tag="955" ind1=" " ind2=" ">
    <subfield code="b">CU07842910</subfield>
    <subfield code="d">off,glx</subfield>
    <subfield code="e">893.7991 K113</subfield>
  </datafield>
</record>
</collection>